<?xml version="1.0" encoding="UTF-8"?><collection xmlns="http://www.loc.gov/MARC21/slim"><record><leader>00594nam--2200193-i-4500</leader><controlfield tag="001">000016494</controlfield><controlfield tag="002">20161230</controlfield><controlfield tag="005">20161230201031</controlfield><controlfield tag="008">060222s1000------------r-----000-0-eng-d</controlfield><datafield ind1=" " ind2=" " tag="020"><subfield code="a">35405672913</subfield></datafield><datafield ind1=" " ind2=" " tag="040"><subfield code="a">IFIN-HH</subfield></datafield><datafield ind1=" " ind2=" " tag="080"><subfield code="a">52-52</subfield></datafield><datafield ind1="1" ind2=" " tag="100"><subfield code="a">Borner, Gerhard</subfield></datafield><datafield ind1="1" ind2="0" tag="245"><subfield code="a">The early universe. facts and fiction</subfield><subfield code="b">Third corrected and enlarged edition. with 94 figures and 15 mostly colored plates</subfield><subfield code="c">Gerhard borner</subfield></datafield><datafield ind1=" " ind2=" " tag="260"><subfield code="a">Berlin</subfield><subfield code="b">Springer-verlag</subfield><subfield code="c">1993</subfield></datafield><datafield ind1=" " ind2=" " tag="300"><subfield code="a">XVI+466 P</subfield></datafield><datafield ind1=" " ind2=" " tag="490"><subfield code="a">Texts And Monographs In Physics</subfield></datafield><datafield ind1=" " ind2=" " tag="852"><subfield code="a">80378</subfield><subfield code="c">523</subfield></datafield><datafield ind1=" " ind2=" " tag="CAT"><subfield code="a">Sys</subfield><subfield code="c">20141210</subfield><subfield code="h">141203</subfield></datafield></record></collection>